<?xml version="1.0" encoding="UTF-8"?><collection xmlns="http://www.loc.gov/MARC21/slim"><record><leader>00458nam--2200169-i-4500</leader><controlfield tag="001">000006359</controlfield><controlfield tag="002">20161230</controlfield><controlfield tag="005">20170117000830</controlfield><controlfield tag="008">060222s1000------------r-----000-0-eng-d</controlfield><datafield ind1=" " ind2=" " tag="100"><subfield code="a">Ache, H. J</subfield></datafield><datafield ind1=" " ind2=" " tag="245"><subfield code="a">Gas-chromatographic studies on the distribu tion of tritium in labelled toluene</subfield></datafield><datafield ind1=" " ind2=" " tag="260"><subfield code="a">Julich</subfield><subfield code="b">Kernnnforschungsanlage</subfield><subfield code="c">1962</subfield></datafield><datafield ind1=" " ind2=" " tag="300"><subfield code="a">11 p</subfield></datafield><datafield ind1=" " ind2=" " tag="490"><subfield code="a">43 - Rc</subfield></datafield><datafield ind1=" " ind2=" " tag="700"><subfield code="a">Thiemann, A</subfield></datafield><datafield ind1=" " ind2=" " tag="852"><subfield code="a">18670</subfield></datafield><datafield ind1=" " ind2=" " tag="CAT"><subfield code="a">SYS</subfield><subfield code="c">20170117</subfield><subfield code="h">000830</subfield></datafield></record></collection>